{"gold_per_floor":[115,115,129,72,37,62,62,73,100,135,4,4,16,33,33,33],"floor_reached":16,"playtime":267,"items_purged":["Strike_G"],"score":270,"play_id":"75b4bba4-6eee-48b3-9dc7-584e1be09026","local_time":"20230331181648","is_ascension_mode":true,"campfire_choices":[{"floor":7,"key":"REST"},{"data":"Expertise","floor":15,"key":"SMITH"}],"neow_cost":"NONE","seed_source_timestamp":978502814663400,"circlet_count":0,"master_deck":["AscendersBane","Strike_G","Strike_G","Strike_G","Strike_G","Defend_G","Defend_G","Defend_G","Defend_G","Defend_G","Survivor","Neutralize","All Out Attack","Blade Dance","Backstab","Expertise+1","Setup","Concentrate"],"relics":["Ring of the Snake","NeowsBlessing","Tiny Chest","Lantern","Strawberry","Potion Belt"],"potions_floor_usage":[10,10,16],"damage_taken":[{"damage":0,"enemies":"Jaw Worm","floor":1,"turns":1},{"damage":0,"enemies":"Small Slimes","floor":3,"turns":1},{"damage":0,"enemies":"3 Sentries","floor":6,"turns":1},{"damage":0,"enemies":"2 Louse","floor":8,"turns":3},{"damage":29,"enemies":"Lagavulin","floor":10,"turns":6},{"damage":6,"enemies":"Looter","floor":13,"turns":3},{"damage":6,"enemies":"Large Slime","floor":14,"turns":6},{"damage":38,"enemies":"Slime Boss","floor":16,"turns":6}],"seed_played":"-2698745675584460201","potions_obtained":[{"floor":3,"key":"PowerPotion"},{"floor":6,"key":"Weak Potion"},{"floor":13,"key":"Energy Potion"}],"is_trial":false,"path_per_floor":["M","?","M","?","?","E","R","M","T","E","$","?","M","M","R","B"],"character_chosen":"THE_SILENT","basemod:card_modifiers":[null,null,null,null,null,null,null,null,null,null,null,null,null,null,null,null,null,null],"items_purchased":["SteroidPotion"],"campfire_rested":1,"item_purchase_floors":[11],"current_hp_per_floor":[59,3,3,3,19,19,38,38,45,16,16,40,34,28,28,0],"gold":33,"neow_bonus":"THREE_ENEMY_KILL","is_prod":false,"is_daily":false,"chose_seed":false,"campfire_upgraded":1,"win_rate":0,"timestamp":1680254208,"path_taken":["M","?","M","?","?","E","R","M","T","E","$","?","M","M","R","BOSS"],"build_version":"2022-12-18","purchased_purges":1,"victory":false,"max_hp_per_floor":[66,66,66,66,66,66,66,66,73,73,73,73,73,73,73,73],"relic_stats":{"counters":[8,27],"Tiny Chest":0,"obtain_stats":[{"Potion Belt":10,"Lantern":6,"NeowsBlessing":0,"Strawberry":9,"Tiny Chest":2,"Ring of the Snake":0},{"Potion Belt":5,"Lantern":3,"NeowsBlessing":0,"Strawberry":4,"Tiny Chest":1,"Ring of the Snake":0},{"Potion Belt":12,"Lantern":3,"NeowsBlessing":0,"Strawberry":6,"Tiny Chest":1,"Ring of the Snake":0}],"Ring of the Snake":[16]},"card_choices":[{"not_picked":["Acrobatics","Slice"],"picked":"All Out Attack","floor":1},{"not_picked":["Prepared","Dagger Throw"],"picked":"Blade Dance","floor":3},{"not_picked":["Deadly Poison","Flying Knee"],"picked":"Backstab","floor":6},{"not_picked":["Blade Dance","Dagger Spray","Dodge and Roll"],"picked":"SKIP","floor":8},{"not_picked":["Poisoned Stab","Bane"],"picked":"Expertise","floor":10},{"not_picked":["Dodge and Roll","Underhanded Strike"],"picked":"Setup","floor":13},{"not_picked":["All Out Attack","Backflip"],"picked":"Concentrate","floor":14}],"player_experience":1581645,"relics_obtained":[{"floor":6,"key":"Lantern"},{"floor":9,"key":"Strawberry"},{"floor":10,"key":"Potion Belt"}],"event_choices":[{"damage_healed":0,"gold_gain":0,"player_choice":"Success","damage_taken":56,"relics_obtained":["Tiny Chest"],"max_hp_gain":0,"max_hp_loss":0,"event_name":"Scrap Ooze","floor":2,"gold_loss":0},{"damage_healed":0,"gold_gain":0,"player_choice":"Left Gold","damage_taken":0,"max_hp_gain":0,"max_hp_loss":0,"event_name":"World of Goop","floor":4,"gold_loss":57},{"damage_healed":16,"gold_gain":0,"player_choice":"Healed","damage_taken":0,"max_hp_gain":0,"max_hp_loss":0,"event_name":"The Cleric","floor":5,"gold_loss":35},{"damage_healed":24,"gold_gain":0,"player_choice":"Banana","damage_taken":0,"max_hp_gain":0,"max_hp_loss":0,"event_name":"Big Fish","floor":12,"gold_loss":0}],"is_beta":false,"boss_relics":[],"items_purged_floors":[11],"is_endless":false,"potions_floor_spawned":[3,6,13],"killed_by":"Slime Boss","ascension_level":20}