{"gold_per_floor":[16,28,44,44,56,56,87,87,87,87,105,131,144,158,158,232,232,247,247,172,144,0,0,0,0],"floor_reached":25,"playtime":727,"items_purged":["Decay"],"score":426,"play_id":"e54540f7-abee-4258-bc10-3c1080a67874","local_time":"20230812221607","is_ascension_mode":true,"campfire_choices":[{"floor":6,"key":"REST"},{"floor":10,"key":"REST"},{"data":"Barricade","floor":15,"key":"SMITH"},{"floor":23,"key":"REST"}],"neow_cost":"NO_GOLD","seed_source_timestamp":38407758339200,"circlet_count":0,"master_deck":["AscendersBane","Strike_R","Strike_R","Strike_R+1","Strike_R","Strike_R","Defend_R","Defend_R","Defend_R","Defend_R+1","Bash","Dark Embrace","Anger","Feel No Pain","Inflame","Pommel Strike","Barricade+1","Intimidate+1","Feed","Armaments+1"],"relics":["Burning Blood","CaptainsWheel","Pocketwatch","Matryoshka","Toxic Egg 2","Runic Pyramid"],"potions_floor_usage":[11,12,16,16],"damage_taken":[{"damage":14,"enemies":"Small Slimes","floor":1,"turns":5},{"damage":7,"enemies":"2 Louse","floor":2,"turns":3},{"damage":9,"enemies":"Jaw Worm","floor":3,"turns":4},{"damage":11,"enemies":"Exordium Wildlife","floor":5,"turns":6},{"damage":38,"enemies":"Gremlin Nob","floor":7,"turns":5},{"damage":12,"enemies":"Large Slime","floor":11,"turns":6},{"damage":22,"enemies":"3 Sentries","floor":12,"turns":8},{"damage":10,"enemies":"3 Louse","floor":13,"turns":4},{"damage":3,"enemies":"Looter","floor":14,"turns":3},{"damage":8,"enemies":"The Guardian","floor":16,"turns":25},{"damage":27,"enemies":"Shell Parasite","floor":18,"turns":10},{"damage":24,"enemies":"2 Thieves","floor":21,"turns":4},{"damage":63,"enemies":"Slavers","floor":25,"turns":3}],"seed_played":"-4410112078867725424","potions_obtained":[{"floor":1,"key":"Regen Potion"},{"floor":7,"key":"Energy Potion"},{"floor":11,"key":"Explosive Potion"},{"floor":12,"key":"Dexterity Potion"}],"is_trial":false,"path_per_floor":["M","M","M","?","M","R","E","?","T","R","M","E","M","M","R","B",null,"M","?","$","M","?","R","$","E"],"character_chosen":"IRONCLAD","basemod:card_modifiers":[null,null,null,null,null,null,null,null,null,null,null,null,null,null,null,null,null,null,null,null],"items_purchased":[],"campfire_rested":3,"item_purchase_floors":[],"current_hp_per_floor":[60,59,56,33,28,50,18,18,18,40,49,33,29,32,32,30,64,46,46,46,31,31,55,55,0],"gold":0,"neow_bonus":"ONE_RARE_RELIC","is_prod":false,"is_daily":false,"chose_seed":false,"campfire_upgraded":1,"win_rate":0,"timestamp":1691846167,"path_taken":["M","M","M","?","M","R","E","?","T","R","M","E","M","M","R","BOSS","M","?","$","M","?","R","?","E"],"build_version":"2022-12-18","purchased_purges":1,"victory":false,"max_hp_per_floor":[75,75,75,75,75,75,75,75,75,75,75,75,75,75,75,75,75,78,78,78,81,81,81,81,81],"relic_stats":{"Matryoshka":0,"counters":[13,86],"obtain_stats":[{"CaptainsWheel":0,"Matryoshka":9,"Toxic Egg 2":12,"Burning Blood":0,"Pocketwatch":7,"Runic Pyramid":17},{"CaptainsWheel":0,"Matryoshka":5,"Toxic Egg 2":7,"Burning Blood":0,"Pocketwatch":5,"Runic Pyramid":10},{"CaptainsWheel":0,"Matryoshka":23,"Toxic Egg 2":37,"Burning Blood":0,"Pocketwatch":23,"Runic Pyramid":69}],"Burning Blood":72,"Pocketwatch":[99]},"card_choices":[{"not_picked":["Combust","Warcry"],"picked":"Dark Embrace","floor":1},{"not_picked":["Warcry","Headbutt"],"picked":"Anger","floor":2},{"not_picked":["Thunderclap","Wild Strike"],"picked":"Feel No Pain","floor":3},{"not_picked":["Perfected Strike","Headbutt"],"picked":"Inflame","floor":5},{"not_picked":["Shrug It Off","Sword Boomerang"],"picked":"Pommel Strike","floor":7},{"not_picked":["Havoc","Whirlwind"],"picked":"Barricade","floor":11},{"not_picked":["Rampage","Headbutt","Flex+1"],"picked":"SKIP","floor":12},{"not_picked":["Heavy Blade","Twin Strike"],"picked":"Intimidate+1","floor":13},{"not_picked":["Perfected Strike","Infernal Blade+1","Pommel Strike"],"picked":"SKIP","floor":14},{"not_picked":["Limit Break+1","Brutality"],"picked":"Feed","floor":16},{"not_picked":["Havoc+1","Carnage"],"picked":"Armaments+1","floor":18},{"not_picked":["Clash","Sword Boomerang","Carnage"],"picked":"SKIP","floor":21}],"player_experience":1595923,"relics_obtained":[{"floor":7,"key":"Pocketwatch"},{"floor":9,"key":"Matryoshka"},{"floor":12,"key":"Toxic Egg 2"}],"event_choices":[{"damage_healed":0,"gold_gain":0,"player_choice":"Entered Light","damage_taken":23,"max_hp_gain":0,"max_hp_loss":0,"event_name":"Shining Light","floor":4,"gold_loss":0,"cards_upgraded":["Defend_R","Strike_R"]},{"damage_healed":0,"gold_gain":0,"player_choice":"Searched \u00270\u0027 times","damage_taken":0,"max_hp_gain":0,"max_hp_loss":0,"event_name":"Dead Adventurer","floor":8,"gold_loss":0},{"damage_healed":0,"gold_gain":0,"player_choice":"Smashed Altar","damage_taken":0,"max_hp_gain":0,"max_hp_loss":0,"event_name":"Forgotten Altar","floor":19,"gold_loss":0,"cards_obtained":["Decay"]},{"damage_healed":0,"gold_gain":0,"player_choice":"Paid Fearfully","damage_taken":0,"max_hp_gain":0,"max_hp_loss":0,"event_name":"Masked Bandits","floor":22,"gold_loss":144}],"is_beta":false,"boss_relics":[{"not_picked":["Busted Crown","Cursed Key"],"picked":"Runic Pyramid"}],"items_purged_floors":[20],"is_endless":false,"potions_floor_spawned":[1,7,11,12],"killed_by":"Slavers","ascension_level":20}