{"gold_per_floor":[114,114,114,129,27,27,27],"floor_reached":7,"playtime":165,"items_purged":[],"score":78,"play_id":"1a0d410d-05f8-4f4a-9bd9-561d172d7536","local_time":"20230322105637","is_ascension_mode":true,"campfire_choices":[{"data":"Beam Cell","floor":6,"key":"SMITH"}],"neow_cost":"NONE","seed_source_timestamp":174529052185500,"circlet_count":0,"master_deck":["AscendersBane","Strike_B","Strike_B","Strike_B","Strike_B","Defend_B","Defend_B","Defend_B","Zap","Dualcast","Barrage","Beam Cell+1"],"special_seed":0,"relics":["Philosopher\u0027s Stone","Regal Pillow"],"potions_floor_usage":[],"damage_taken":[{"damage":2,"enemies":"Cultist","floor":1,"turns":3},{"damage":13,"enemies":"Small Slimes","floor":4,"turns":3},{"damage":58,"enemies":"3 Sentries","floor":7,"turns":7}],"seed_played":"-8094788880613030225","potions_obtained":[],"is_trial":false,"path_per_floor":["M","?","?","M","?","R","E"],"character_chosen":"DEFECT","basemod:card_modifiers":[null,null,null,null,null,null,null,null,null,null,null,null],"items_purchased":[],"campfire_rested":0,"item_purchase_floors":[],"current_hp_per_floor":[62,62,67,54,54,54,0],"gold":27,"neow_bonus":"BOSS_RELIC","is_prod":false,"is_daily":false,"chose_seed":false,"campfire_upgraded":1,"win_rate":0,"timestamp":1679450197,"path_taken":["M","?","?","M","?","R","E"],"build_version":"2022-12-18","purchased_purges":0,"victory":false,"max_hp_per_floor":[71,71,76,76,76,76,76],"relic_stats":{"Regal Pillow":0,"counters":[3,13],"obtain_stats":[{"Regal Pillow":5,"Philosopher\u0027s Stone":0,"Cracked Core":0},{"Regal Pillow":2,"Philosopher\u0027s Stone":0,"Cracked Core":0},{"Regal Pillow":6,"Philosopher\u0027s Stone":0,"Cracked Core":0}]},"card_choices":[{"not_picked":["Conserve Battery","Redo"],"picked":"Barrage","floor":1},{"not_picked":["Reprogram","Turbo"],"picked":"Beam Cell","floor":4}],"player_experience":1576207,"relics_obtained":[],"event_choices":[{"cards_removed":["Defend_B"],"damage_healed":0,"gold_gain":0,"player_choice":"Forget","damage_taken":0,"max_hp_gain":0,"max_hp_loss":0,"event_name":"Living Wall","floor":2,"gold_loss":0},{"damage_healed":0,"gold_gain":0,"player_choice":"Donut","damage_taken":0,"max_hp_gain":5,"max_hp_loss":0,"event_name":"Big Fish","floor":3,"gold_loss":0},{"damage_healed":0,"gold_gain":0,"player_choice":"Paid Gold","damage_taken":0,"relics_obtained":["Regal Pillow"],"max_hp_gain":0,"max_hp_loss":0,"event_name":"WeMeetAgain","floor":5,"gold_loss":102}],"is_beta":false,"boss_relics":[],"items_purged_floors":[],"is_endless":false,"potions_floor_spawned":[],"killed_by":"3 Sentries","ascension_level":20}