{"gold_per_floor":[109,109,119,136,61,81,81,106,156,156,191,191,228,248,248,323,323,345,365,290,310,328,328,368,379,379,379,379,193,227,240,240,321,348,367,26,44,71,82,82,111,130,130,130,155,176,176,189,189,189,189,189,189,41,84,84],"floor_reached":57,"playtime":2483,"items_purged":["Strike_P","Strike_P","Consecrate+1"],"score":2998,"play_id":"09488e18-6576-44ad-a96b-ef305174b648","local_time":"20230901081405","is_ascension_mode":true,"campfire_choices":[{"data":"Eruption","floor":7.0,"key":"SMITH"},{"data":"Adaptation","floor":10.0,"key":"SMITH"},{"data":"Ragnarok","floor":15.0,"key":"SMITH"},{"floor":23.0,"key":"REST"},{"floor":27.0,"key":"REST"},{"floor":32.0,"key":"REST"},{"data":"Adaptation","floor":40.0,"key":"SMITH"},{"data":"Meditate","floor":44.0,"key":"SMITH"},{"floor":47.0,"key":"RECALL"},{"floor":49.0,"key":"REST"},{"floor":53.0,"key":"REST"}],"neow_cost":"NONE","seed_source_timestamp":1713969338165800,"circlet_count":0,"master_deck":["AscendersBane","Eruption+1","Vigilance","Adaptation+1","Ragnarok+1","FearNoEvil","MentalFortress","Meditate+1","ClearTheMind+1","Scrawl+1","Pray+1","Swivel+1","Crescendo+1","WaveOfTheHand+1","SandsOfTime","EmptyBody+1","Omniscience+1","Swivel+1","BattleHymn","Adaptation+1","InnerPeace+1","MentalFortress","Indignation+1","Wallop+1","MentalFortress+1","Apotheosis+1","InnerPeace+1"],"special_seed":0,"relics":["PureWater","NeowsBlessing","Matryoshka","Toxic Egg 2","Oddly Smooth Stone","Question Card","CeramicFish","VioletLotus","Bag of Marbles","Molten Egg 2","Mercury Hourglass","The Courier","Pandora\u0027s Box","Bag of Preparation","Omamori","Centennial Puzzle","TeardropLocket"],"potions_floor_usage":[],"damage_taken":[{"damage":0.0,"enemies":"Small Slimes","floor":1.0,"turns":1.0},{"damage":0.0,"enemies":"Cultist","floor":3.0,"turns":1.0},{"damage":0.0,"enemies":"2 Louse","floor":4.0,"turns":1.0},{"damage":0.0,"enemies":"2 Fungi Beasts","floor":6.0,"turns":2.0},{"damage":0.0,"enemies":"Gremlin Nob","floor":8.0,"turns":2.0},{"damage":4.0,"enemies":"Lagavulin","floor":11.0,"turns":5.0},{"damage":53.0,"enemies":"3 Sentries","floor":13.0,"turns":9.0},{"damage":1.0,"enemies":"Blue Slaver","floor":14.0,"turns":3.0},{"damage":0.0,"enemies":"Slime Boss","floor":16.0,"turns":5.0},{"damage":0.0,"enemies":"Spheric Guardian","floor":18.0,"turns":2.0},{"damage":28.0,"enemies":"Shell Parasite","floor":19.0,"turns":5.0},{"damage":27.0,"enemies":"Shelled Parasite and Fungi","floor":21.0,"turns":4.0},{"damage":21.0,"enemies":"Book of Stabbing","floor":24.0,"turns":4.0},{"damage":0.0,"enemies":"3 Cultists","floor":25.0,"turns":5.0},{"damage":0.0,"enemies":"Slavers","floor":30.0,"turns":1.0},{"damage":0.0,"enemies":"Snake Plant","floor":31.0,"turns":3.0},{"damage":18.0,"enemies":"Collector","floor":33.0,"turns":10.0},{"damage":2.0,"enemies":"3 Shapes","floor":35.0,"turns":2.0},{"damage":4.0,"enemies":"3 Darklings","floor":37.0,"turns":5.0},{"damage":4.0,"enemies":"Writhing Mass","floor":38.0,"turns":4.0},{"damage":0.0,"enemies":"Jaw Worm Horde","floor":39.0,"turns":1.0},{"damage":0.0,"enemies":"Reptomancer","floor":41.0,"turns":4.0},{"damage":13.0,"enemies":"3 Darklings","floor":42.0,"turns":3.0},{"damage":2.0,"enemies":"Nemesis","floor":45.0,"turns":5.0},{"damage":0.0,"enemies":"Transient","floor":46.0,"turns":4.0},{"damage":0.0,"enemies":"Maw","floor":48.0,"turns":5.0},{"damage":28.0,"enemies":"Awakened One","floor":50.0,"turns":7.0},{"damage":24.0,"enemies":"Donu and Deca","floor":51.0,"turns":4.0},{"damage":29,"enemies":"Shield and Spear","floor":55,"turns":8},{"damage":90,"enemies":"The Heart","floor":56,"turns":10}],"seed_played":"-6890386270206409957","potions_obtained":[{"floor":4.0,"key":"FearPotion"},{"floor":8.0,"key":"FairyPotion"},{"floor":18.0,"key":"Energy Potion"},{"floor":24.0,"key":"SpeedPotion"},{"floor":25.0,"key":"Strength Potion"},{"floor":31.0,"key":"SpeedPotion"},{"floor":33.0,"key":"BlessingOfTheForge"},{"floor":39.0,"key":"Fruit Juice"},{"floor":41.0,"key":"BottledMiracle"},{"floor":46.0,"key":"SkillPotion"},{"floor":48.0,"key":"SteroidPotion"}],"is_trial":false,"path_per_floor":["M","?","M","M","$","M","R","E","T","R","E","?","E","M","R","B",null,"M","M","?","M","?","R","E","M","T","R","?","$","E","M","R","B",null,"M","$","M","M","M","R","E","M","T","R","E","M","R","M","R","B","B",null,"R","$","E","B",null],"character_chosen":"WATCHER","basemod:card_modifiers":[null,null,null,null,null,null,null,null,null,null,null,null,null,null,null,null,null,null,null,null,null,null,null,null,null,null,null],"items_purchased":["DuplicationPotion","InnerPeace+1","MentalFortress","Bag of Preparation","Apotheosis+1"],"campfire_rested":5,"item_purchase_floors":[29,36,36,36,54],"current_hp_per_floor":[61,61,61,61,61,61,61,61,61,61,57,62,9,8,8,8,57,57,29,29,2,2,23,2,2,2,23,23,23,23,23,44,26,61,59,59,55,51,51,51,56,43,43,43,41,41,41,41,64,36,12,62,78,78,49,18],"gold":84,"neow_bonus":"THREE_ENEMY_KILL","is_prod":false,"is_daily":false,"chose_seed":false,"campfire_upgraded":5,"win_rate":0,"timestamp":1693523645,"path_taken":["M","?","?","M","$","M","R","E","T","R","E","?","E","M","R","BOSS","M","M","?","M","?","R","E","M","T","R","?","$","E","M","R","BOSS","M","$","M","M","M","R","E","M","T","R","E","M","R","M","R","BOSS","BOSS","R","$","E","BOSS"],"build_version":"2022-12-18","purchased_purges":3,"victory":true,"max_hp_per_floor":[68,68,68,68,68,68,68,68,68,68,68,73,73,73,73,73,73,73,73,73,73,73,73,73,73,73,73,73,73,73,73,73,73,73,73,73,73,73,73,73,78,78,78,78,78,78,78,78,78,78,78,78,78,78,78,78],"relic_stats":{"counters":[30,125],"CeramicFish":171,"The Courier":129,"Bag of Preparation":[24],"Omamori":0,"Question Card":21,"Mercury Hourglass":[322],"Centennial Puzzle":[12],"Matryoshka":2,"Pandora\u0027s Box":["Swivel","BattleHymn","Consecrate"],"VioletLotus":[103],"PureWater":[24],"obtain_stats":[{"NeowsBlessing":0,"CeramicFish":13,"Oddly Smooth Stone":9,"The Courier":30,"Bag of Preparation":36,"Omamori":41,"TeardropLocket":55,"Question Card":11,"Mercury Hourglass":26,"Centennial Puzzle":45,"Matryoshka":8,"Molten Egg 2":26,"Pandora\u0027s Box":34,"VioletLotus":17,"Bag of Marbles":24,"PureWater":0,"Toxic Egg 2":9},{"NeowsBlessing":0,"CeramicFish":7,"Oddly Smooth Stone":5,"The Courier":15,"Bag of Preparation":18,"Omamori":22,"TeardropLocket":29,"Question Card":6,"Mercury Hourglass":14,"Centennial Puzzle":24,"Matryoshka":5,"Molten Egg 2":14,"Pandora\u0027s Box":17,"VioletLotus":9,"Bag of Marbles":13,"PureWater":0,"Toxic Egg 2":5},{"NeowsBlessing":0,"CeramicFish":21,"Oddly Smooth Stone":7,"The Courier":50,"Bag of Preparation":65,"Omamori":79,"TeardropLocket":115,"Question Card":12,"Mercury Hourglass":49,"Centennial Puzzle":87,"Matryoshka":7,"Molten Egg 2":49,"Pandora\u0027s Box":63,"VioletLotus":29,"Bag of Marbles":44,"PureWater":0,"Toxic Egg 2":7}]},"card_choices":[{"not_picked":["FlyingSleeves","JustLucky"],"picked":"Adaptation","floor":1.0},{"not_picked":["FollowUp","Wireheading","Evaluate"],"picked":"SKIP","floor":3.0},{"not_picked":["EmptyBody","ThirdEye"],"picked":"MentalFortress","floor":4.0},{"not_picked":["ReachHeaven","FlurryOfBlows"],"picked":"Meditate","floor":6.0},{"not_picked":["BowlingBash","ClearTheMind","BattleHymn"],"picked":"SKIP","floor":8.0},{"not_picked":["BowlingBash","EmptyFist"],"picked":"ClearTheMind+1","floor":11.0},{"not_picked":["InnerPeace+1","Wireheading","Protect+1"],"picked":"Scrawl+1","floor":13.0},{"not_picked":["ThirdEye+1","Evaluate+1","JustLucky"],"picked":"Pray+1","floor":14.0},{"not_picked":["Evaluate+1","Prostrate+1","Protect+1"],"picked":"Swivel+1","floor":18.0},{"not_picked":["ThirdEye+1","WaveOfTheHand+1","FearNoEvil","Pray+1"],"picked":"SKIP","floor":19.0},{"not_picked":["Study","Fasting2","Halt+1"],"picked":"Crescendo+1","floor":21.0},{"not_picked":["Collect+1","Halt+1","EmptyFist"],"picked":"EmptyBody+1","floor":24.0},{"not_picked":["BattleHymn","Wireheading","WaveOfTheHand+1","Prostrate+1"],"picked":"SKIP","floor":25.0},{"not_picked":["FlurryOfBlows+1","MasterReality","FollowUp+1","FlyingSleeves+1"],"picked":"SKIP","floor":30.0},{"not_picked":["BattleHymn","EmptyFist+1","Vengeance+1","SashWhip+1"],"picked":"SKIP","floor":31.0},{"not_picked":["Establishment","Ragnarok+1","Alpha+1"],"picked":"Omniscience+1","floor":33.0},{"not_picked":["Nirvana","EmptyBody+1","FollowUp+1"],"picked":"Adaptation","floor":35.0},{"not_picked":["ClearTheMind+1","WindmillStrike+1","Collect+1","LikeWater"],"picked":"SKIP","floor":37.0},{"not_picked":["PathToVictory+1","TalkToTheHand+1","FlyingSleeves+1"],"picked":"Indignation+1","floor":38.0},{"not_picked":["Evaluate+1","FollowUp+1","Halt+1","MasterReality"],"picked":"SKIP","floor":39.0},{"not_picked":["Wireheading","EmptyBody+1","FollowUp+1","ClearTheMind+1"],"picked":"SKIP","floor":41.0},{"not_picked":["JustLucky+1","Pray+1","CrushJoints+1"],"picked":"Wallop+1","floor":42.0},{"not_picked":["WindmillStrike+1","Indignation+1","ClearTheMind+1","CarveReality+1"],"picked":"SKIP","floor":45.0},{"not_picked":["Wireheading","EmptyBody+1","Crescendo+1"],"picked":"MentalFortress+1","floor":46.0},{"not_picked":["ConjureBlade+1","Protect+1","FollowUp+1","CarveReality+1"],"picked":"SKIP","floor":48.0},{"not_picked":["PathToVictory+1","Consecrate+1","Nirvana"],"picked":"InnerPeace+1","floor":55}],"player_experience":1606417,"relics_obtained":[{"floor":8.0,"key":"Matryoshka"},{"floor":9.0,"key":"Toxic Egg 2"},{"floor":9.0,"key":"Oddly Smooth Stone"},{"floor":11.0,"key":"Question Card"},{"floor":13.0,"key":"CeramicFish"},{"floor":24.0,"key":"Bag of Marbles"},{"floor":26.0,"key":"Molten Egg 2"},{"floor":26.0,"key":"Mercury Hourglass"},{"floor":30.0,"key":"The Courier"},{"floor":41.0,"key":"Omamori"},{"floor":45.0,"key":"Centennial Puzzle"},{"floor":55,"key":"TeardropLocket"}],"event_choices":[{"damage_healed":0.0,"max_hp_gain":0.0,"max_hp_loss":0.0,"gold_gain":0.0,"event_name":"Match and Keep!","player_choice":"2 cards matched","floor":2.0,"gold_loss":0.0,"damage_taken":0.0,"cards_obtained":["Ragnarok","FearNoEvil"]},{"damage_healed":0.0,"max_hp_gain":5.0,"max_hp_loss":0.0,"gold_gain":0.0,"event_name":"Big Fish","player_choice":"Donut","floor":12.0,"gold_loss":0.0,"damage_taken":0.0},{"cards_removed":["Strike_P"],"damage_healed":0.0,"max_hp_gain":0.0,"max_hp_loss":0.0,"gold_gain":0.0,"event_name":"Beggar","player_choice":"Gave Gold","floor":20.0,"gold_loss":75.0,"damage_taken":0.0},{"damage_healed":0.0,"max_hp_gain":0.0,"max_hp_loss":0.0,"gold_gain":0.0,"cards_transformed":["Defend_P","Strike_P"],"event_name":"Drug Dealer","player_choice":"Became Test Subject","floor":22.0,"gold_loss":0.0,"damage_taken":0.0,"cards_obtained":["WaveOfTheHand","SandsOfTime"]},{"damage_healed":0.0,"max_hp_gain":0.0,"max_hp_loss":0.0,"gold_gain":0.0,"event_name":"The Mausoleum","player_choice":"Ignored","floor":28.0,"gold_loss":0.0,"damage_taken":0.0}],"is_beta":false,"boss_relics":[{"not_picked":["Cursed Key","Runic Dome"],"picked":"VioletLotus"},{"not_picked":["Empty Cage","Philosopher\u0027s Stone"],"picked":"Pandora\u0027s Box"}],"items_purged_floors":[5,29,36],"is_endless":false,"potions_floor_spawned":[4,8,13,14,18,24,25,31,33,39,41,46,48],"ascension_level":20}